<record><leader>00000cas a22000007a 4500</leader><controlfield tag="001">10054052</controlfield><controlfield tag="008">831025d18101815meuwr ne      0   a0eng d</controlfield><datafield ind1=" " ind2=" " tag="010"><subfield code="a">sn 83021258 </subfield></datafield><datafield ind1=" " ind2=" " tag="040"><subfield code="a">NPX</subfield><subfield code="b">eng</subfield><subfield code="c">NPX</subfield><subfield code="d">MGN</subfield><subfield code="d">MBN</subfield><subfield code="d">MHN</subfield><subfield code="d">OCL</subfield><subfield code="d">OCLCG</subfield><subfield code="d">KRTAS</subfield><subfield code="d">DLC</subfield><subfield code="d">OCLCF</subfield><subfield code="d">DLC</subfield></datafield><datafield ind1="0" ind2=" " tag="022"><subfield code="a">2575-3533</subfield><subfield code="2">1</subfield></datafield><datafield ind1=" " ind2=" " tag="042"><subfield code="a">msc</subfield><subfield code="a">nsdp</subfield></datafield><datafield ind1=" " ind2=" " tag="043"><subfield code="a">n-us-me</subfield></datafield><datafield ind1="0" ind2="0" tag="050"><subfield code="a">Newspaper</subfield></datafield><datafield ind1="0" ind2=" " tag="130"><subfield code="a">Herald of liberty (Augusta, Me.)</subfield></datafield><datafield ind1=" " ind2="0" tag="222"><subfield code="a">Herald of liberty</subfield><subfield code="b">(Augusta, Me.)</subfield></datafield><datafield ind1="1" ind2="0" tag="245"><subfield code="a">Herald of liberty.</subfield></datafield><datafield ind1=" " ind2=" " tag="260"><subfield code="a">Augusta, District of Me., State of Mass. :</subfield><subfield code="b">Peter Edes,</subfield><subfield code="c">1810-</subfield></datafield><datafield ind1=" " ind2=" " tag="300"><subfield code="a">v. ;</subfield><subfield code="c">49 cm.</subfield></datafield><datafield ind1=" " ind2=" " tag="310"><subfield code="a">Weekly</subfield></datafield><datafield ind1="0" ind2=" " tag="362"><subfield code="a">Vol. 1, no. 1 (Feb. 13, 1810)-</subfield></datafield><datafield ind1="1" ind2=" " tag="362"><subfield code="a">Ceased in 1815?</subfield></datafield><datafield ind1=" " ind2=" " tag="500"><subfield code="a">Publisher: Peter Edes, Jun., 1811-1813.</subfield></datafield><datafield ind1=" " ind2=" " tag="588"><subfield code="a">Latest issue consulted: Vol. 4, no. 186 (Sept. 2, 1815).</subfield></datafield><datafield ind1=" " ind2="0" tag="651"><subfield code="a">Augusta (Me.)</subfield><subfield code="v">Newspapers.</subfield></datafield><datafield ind1=" " ind2="0" tag="651"><subfield code="a">Kennebec County (Me.)</subfield><subfield code="v">Newspapers.</subfield></datafield><datafield ind1=" " ind2="7" tag="651"><subfield code="a">Maine</subfield><subfield code="z">Augusta.</subfield><subfield code="2">fast</subfield><subfield code="0">(OCoLC)fst01209573</subfield></datafield><datafield ind1=" " ind2="7" tag="651"><subfield code="a">Maine</subfield><subfield code="z">Kennebec County.</subfield><subfield code="2">fast</subfield><subfield code="0">(OCoLC)fst01211990</subfield></datafield><datafield ind1=" " ind2="7" tag="655"><subfield code="a">Newspapers.</subfield><subfield code="2">fast</subfield><subfield code="0">(OCoLC)fst01423814</subfield></datafield><datafield ind1="1" ind2=" " tag="700"><subfield code="a">Edes, Peter,</subfield><subfield code="d">1756-1840.</subfield></datafield><datafield ind1=" " ind2=" " tag="752"><subfield code="a">United States</subfield><subfield code="b">Maine</subfield><subfield code="c">Kennebec</subfield><subfield code="d">Augusta.</subfield></datafield><datafield ind1="0" ind2="0" tag="780"><subfield code="t">Kennebec gazette (Augusta, Me.)</subfield><subfield code="w">(DLC)sn 83021231</subfield><subfield code="w">(OCoLC)9999117</subfield></datafield><datafield ind1=" " ind2=" " tag="938"><subfield code="a">Kirtas Technologies, Inc.</subfield><subfield code="b">KRTS</subfield><subfield code="n">958487</subfield></datafield><datafield ind1="1" ind2=" " tag="029"><subfield code="a">AU@</subfield><subfield code="b">000020123821</subfield></datafield></record>